@book{pomac,
	address = {Malden, MA},
	author = {David Braddon{-}Mitchell and Frank Jackson},
	editor = {Frank Jackson},
	publisher = {Wiley-Blackwell},
	title = {Philosophy of Mind and Cognition: An Introduction},
	year = {1996}
}

